<collection xmlns="http://www.loc.gov/MARC21/slim"><record><leader>00870nam  2200289   450</leader><controlfield tag="001">14</controlfield><controlfield tag="003">http://montalegre.opacnet.com/OPAC/default.aspx?ContentAreaControl=ShowRegHoldings.ascx&amp;RegNo=16662</controlfield><datafield tag="010" ind1=" " ind2=" "><subfield code="a">972-20-0729-7</subfield></datafield><datafield tag="021" ind1=" " ind2=" "><subfield code="a">PT</subfield><subfield code="b">28621/89</subfield></datafield><datafield tag="095" ind1=" " ind2=" "><subfield code="a">PTBN00201511</subfield></datafield><datafield tag="100" ind1=" " ind2=" "><subfield code="a">20061013d1989    am y0pory010305  ba</subfield></datafield><datafield tag="101" ind1="1" ind2=" "><subfield code="a">por</subfield><subfield code="c">eng</subfield></datafield><datafield tag="102" ind1=" " ind2=" "><subfield code="a">PT</subfield></datafield><datafield tag="105" ind1=" " ind2=" "><subfield code="a">a   z   001ay</subfield></datafield><datafield tag="106" ind1=" " ind2=" "><subfield code="a">r</subfield></datafield><datafield tag="200" ind1="1" ind2=" "><subfield code="a">Ruínas</subfield><subfield code="f">Brian Aldiss</subfield><subfield code="g">trad. J. Teixeira de Aguilar</subfield><subfield code="g">il. Salim Patell</subfield></datafield><datafield tag="205" ind1=" " ind2=" "><subfield code="a">1ª ed</subfield></datafield><datafield tag="210" ind1=" " ind2=" "><subfield code="a">Lisboa</subfield><subfield code="c">Dom Quixote</subfield><subfield code="d">1989</subfield></datafield><datafield tag="215" ind1=" " ind2=" "><subfield code="a">108 p.</subfield><subfield code="c">il.</subfield><subfield code="d">24 cm</subfield></datafield><datafield tag="225" ind1="2" ind2=" "><subfield code="a">Fábula</subfield></datafield><datafield tag="304" ind1=" " ind2=" "><subfield code="a">Tít. orig.: Ruins</subfield></datafield><datafield tag="675" ind1=" " ind2=" "><subfield code="a">851</subfield><subfield code="v">BN</subfield><subfield code="z">por</subfield></datafield><datafield tag="700" ind1=" " ind2="1"><subfield code="a">Aldiss</subfield><subfield code="b">Brian W</subfield><subfield code="f">1925</subfield></datafield><datafield tag="702" ind1=" " ind2="1"><subfield code="a">Aguilar</subfield><subfield code="b">J. Teixeira de</subfield><subfield code="f">1945-</subfield><subfield code="4">730</subfield></datafield><datafield tag="702" ind1=" " ind2="1"><subfield code="a">Patell</subfield><subfield code="b">Salim</subfield><subfield code="4">440</subfield></datafield><datafield tag="801" ind1=" " ind2="0"><subfield code="a">PT</subfield><subfield code="b">Biblioteca Municipal de Montalegre</subfield><subfield code="g">RPC</subfield></datafield><datafield tag="856" ind1=" " ind2=" "><subfield code="u">locateMedia.asp?cod=20060504113555&amp;ext=jpg</subfield><subfield code="z">CAPA</subfield></datafield><datafield tag="909" ind1="&#9;" ind2=" "><subfield code="a">1</subfield></datafield><datafield tag="966" ind1=" " ind2=" "><subfield code="a">0008274</subfield><subfield code="l">BMM</subfield><subfield code="s">SCG 821 ALD ruí</subfield></datafield></record></collection>